
@book{piskunov,
    title={Дифференциальное и интегральное исчисление},
    ISBN={5-89602-014-7.},
    publisher={Интеграл-Пресс, 2007},
    author={Пискунов Н. С.},
    year={2007}
}

@book{sadov,
    title={Дифференциальное и интегральное исчисление},
    ISBN={5-06-003955-2},
    publisher={Высшая школа},
    author={Г.И. Архипов, В.А. Садовничий, В.Н. Чубариков},
    year={2000}
}

